@INPROCEEDINGS{KostasAlexis, 
	author={Andreas Bircher and Kostas Alexis and Michael Burri and Philipp Oettershagen and
	Sammy Omari and Thomas Mantel and Roland Siegwart}, 
	booktitle={IEEE International Conference on Robotics and Automation (ICRA)}, 
	title={Structural Inspection Path Planning via Iterative Viewpoint Resampling with Application to Aerial Robotics}, 
	year={2015}, 
}


